
@Article{Evangelidis2014,
  author       = {Evangelidis, Vasilis},
  title        = {Agoras {and} Fora},
  subtitle     = {Developments in the Central Public Space of the Cities of Greece during the {Roman} Period},
  journaltitle = {The Annual of the British School at Athens},
  shortjournal = {BSA},
  volume       = {109},
  pages        = {335--356},
  year         = {2014},
  doi          = {10.1017/s006824541400015x},
}

@Article{Osland2016,
  author       = {Osland, Daniel},
  title        = {Abuse or Reuse?},
  subtitle     = {Public Space in Late Antique Emerita},
  journaltitle = {American Journal of Archaeology},
  shortjournal = {AJA},
  volume       = {120},
  pages        = {67--97},
  year         = {2016},
  jstor        = {10.3764/aja.120.1.0067},
  number       = {1},
}

@online{biblatex-tutorial,
author  = {Paul Stanley},
title   = {Biblatex tutorial},
url     = {https://github.com/PaulStanley/biblatex-tutorial},
urldate = {2017-04-22}
}

@online{biblatex-bottcher,
author  = {Johannes Bottcher},
title   = {Literaturverzeichnisse mit \LaTeX},
url     = {https://github.com/johannesbottcher/HinweiseLitverzeichnisse/blob/master/Hinweise.md},
urldate = {2015-06-21}
}

@book{mariev:joh_ant,
	title = {Ioannis Antiocheni Fragmenta Quae Supersunt Omnia},
	editor={Mariev, Sergei},
	series = {Corpus Fontium Historiae Byzantinae -- Series Berolinensis},
	number = {XLVII},
	publisher = {de Gruyter},
	location = {Berlin and New York},
	date = {2008}
}

 @article{pilhofer:dtk2017,
	author  = {Pilhofer, Philipp},
	title   = {Der Satz kritischer Editionen mit \LaTeX{} und \reledmac},
	journal = {Die \TeX nische Komödie},
	number  = {29/1},
	year    = {2017},
	url     = {http://www.dante.de/DTK/Ausgaben.html},
	pages   = {53--66}
}

@online{reledmac-benutzung, 
	author = {Maïeul Rouquette},
	title = {Publizierte kritische Editionen, die (rel)edmac benutzt haben}, 
	url = {https://www.zotero.org/groups/critical_editions_typeset_with_edmac_ledmac_and_eledmac/items}, 
	urldate = {2016-11-25}
}

@online{reledmac-literatur, 
	author = {Maïeul Rouquette},
	title = {Literatur über (rel)edmac}, 
	url = {https://www.zotero.org/groups/articles_and_books_about_reledmac/items}, 
	urldate = {2017-03-02}
}

@BOOK{radt:strabon4,
	editor = {Radt, Stefan},
	gender = {sm},
	title = {Strabons Geographika},
	subtitle = {Mit Übersetzung und Kommentar},
	publisher = {Vandenhoeck \& Ruprecht},
	titleaddon = {Buch XIV--XVII: Text und Übersetzung},
	location = {Göttingen},
	volume = {4},
	date = {2005}
}

@BOOK{athanasius_3_1_4,
	editor = {Hanns Christof Brennecke AND von Stockhausen, Annette AND Christian Müller AND Uta Heil AND Angelika Wintjes},
	title = {Athanasius Werke III 4},
	subtitle = {Dritter Band, erster Teil: Dokumente zur Geschichte des Arianischen Streites},
	titleaddon = {4. Lieferung: Bis zur Synode von Alexandrien 362},
	publisher = {de Gruyter},
	location = {Berlin AND Boston},
	year = {2014}
}

@Book{voss:einfuehrung,
 author = {Herbert Voß}, 
 title = {Einführung in \LaTeX{}},
 publisher = {DANTE~e.V. and Lehmanns Media},
 location = {Berlin and Heidelberg},
 year = {2017},
 edition = {3},
}
@Book{voss:bibliografien,
 author = {Herbert Voß}, 
 title = {Bibliografien mit \LaTeX{}},
 publisher = {DANTE~e.V. and Lehmanns Media},
 location = {Berlin and Heidelberg},
 year = {2016},
 edition = {2}
}
@Book{voss:praesentationen,
 author = {Herbert Voß}, 
 title = {Präsentationen mit \LaTeX{}},
 publisher = {DANTE~e.V. and Lehmanns Media},
 location = {Berlin and Heidelberg},
 year = {2012},
 edition = {2}
}
@Book{voss:referenz,
 author = {Herbert Voß}, 
 title = {\LaTeX{} Referenz},
 publisher = {DANTE~e.V. and Lehmanns Media},
 location = {Berlin and Heidelberg},
 year = {2014},
 edition = {3}
}
@Book{voss:tabellen,
 author = {Herbert Voß}, 
 title = {Tabellen mit \LaTeX},
 publisher = {DANTE~e.V. and Lehmanns Media},
 location = {Berlin and Heidelberg},
 year = {2010},
 edition = {2}
}
@Book{voss:pstricks,
 author = {Herbert Voß}, 
 title = {PSTricks. Grafik mit PostScript für \TeX{} und \LaTeX{}},
 publisher = {DANTE~e.V. and Lehmanns Media},
 location = {Berlin and Heidelberg},
 year = {2016},
 edition = {7}
}
@book{rouquette:2012,
 author = {Maïeul Rouquette},
 title = {\XeLaTeX{} appliqué aux sciences humaines},
 publisher = {Atramenta},
 location = {Tampere (Fi)},
 url={https://www.ctan.org/tex-archive/info/latex-sciences-humaines.pdf},
 urldate={2017-03-02},
 year = {2014}
}
@article{kielhorn:dtk2014,
 author = {Axel Kielhorn},
 title = {\LaTeX{} für Nichtlateiner},
 journal = {DTK},
 year = {2014},
 number = {2},
 pages = {94-99}
 }
 
@book{kohm:2020,
 author = {Markus Kohm},
 title = {KOMA-Script},
 subtitle = {Eine Sammlung von Klassen und Paketen für \LaTeXe{}},
 publisher = {Lehmanns and DANTE~e.V.},
 location = {Berlin},
 year = {2020},
 edition = {7}
}

@book{erste_hilfe,
 author = {Hans Peter Willberg and Friedrich Forssman},
 title  = {Erste Hilfe in Typografie},
 subtitle = {Ratgeber für Gestaltung mit Schrift},
 publisher = {Hermann Schmidt},
 location  = {Mainz},
 year      = {2001},
 edition   = {3}
 }
@book{lesetypografie,
 author = {Hans Peter Willberg and Friedrich Forssman},
 title  = {Lesetypographie},
 publisher = {Hermann Schmidt},
 location  = {Mainz},
 year      = {1997},
 edition   = {2}
 }
@book{lesetypografie2010,
    author={Hans Peter Willberg and Friedrich Forssman},
    title = {Lesetypografie},
    publisher={Hermann Schmidt},
    location ={Mainz},
    date = {2010}
}   
 @article{roemer:dtk2016,
 author = {Christine Römer},
 title = {Konstituentenstrukturen einfach und schön mit forest},
 journal = {DTK},
 year = {2016},
 number = {2},
 pages = {57-62}
 }
@article{roemer:dtk2008,
 author = {Christine Römer},
 title = {PSTricks für linguistische Texte},
 journal = {DTK},
 year = {2008},
 number = {2},
 pages = {31-52}
 }
 @article{roemer:dtk2012,
  author  = {Christine Römer},
  title   = {Lyrik mit \LaTeX},
  journal = {Die \TeX nische Komödie},
  number  = {3},
  year    = {2012},
  url     = {http://www.dante.de/DTK/Ausgaben.html},
  pages   = {31--39}
} 
@article{voss:dtk20011/1,
 author = {Herbert Voß},
 title = {detexify -- Wie findet man ein Symbol?},
 journal = {DTK},
 year = {2011},
 number = {1},
 pages = {67-70}
 }
@article{wassenhoven:dtk2008/2,
 author = {Dominik Waßenhoven},
 title = {Bibliographien erstellen mit biblatex (Teil 1)},
 journal = {DTK},
 year = {2008},
 number = {2},
 pages = {53-75}
 }
@article{wassenhoven:dtk2008/4,
 author = {Dominik Waßenhoven},
 title = {Bibliographien erstellen mit biblatex (Teil 2)},
 journal = {DTK},
 year = {2008},
 number = {4},
 pages = {31-50}
 }
@article{meyer:dtk2015/1,
 author = {Thomas Hilarius Meyer},
 title = {\TeX{}nik im Wolkenkuckucksheim? Webbasierte \LaTeX-Editoren im Überblick},
 journal = {DTK},
 year = {2015},
 number = {1},
 pages = {10-17}
 }
@article{ziegenhagen:dtk2008/3,
 author = {Ziegenhagen, Uwe},
 title = {Dokumentenmanagement mit \LaTeX{} und Subversion},
 journal = {DTK},
 year = {2008},
 number = {3},
 pages = {36--47}
 }
@article{ziegenhagen:dtk2016/2,
 author = {Uwe Ziegenhagen},
 title = {Klausuren erstellen mit der Dokumentklasse exam},
 journal = {DTK},
 year = {2016},
 number = {2},
 pages = {40-51}
 }
@article{sarman:dtk2009/1,
 author = {Stanislav Jan Šarman},
 title = {DEK-Verkehrsschrift mit \METAFONT{} und \LaTeX{}},
 journal = {DTK},
 year = {2009},
 number = {1},
 pages = {7-20}
 }
@article{entenmann:dtk2012/4,
 author = {Walter Entenmann},
 title = {Schulschriften -- von Sütterlin bis heute},
 journal = {DTK},
 year  = {2012},
 number = {4},
 pages = {29-57}
 }
@article{stockhausen:mde2016/2,
 author = {von Stockhausen, Annette},
 gender = {sf},
 title = {Zwischen zwei Welten},
 subtitle = {Ein Langzeitprojekt in Zeiten des digitalen Umbruchs},
 pages = {33--41},
 journal = {Magazin für digitale Editionswissenschaften},
 volume = {2},
 date = {2016}
}

@book{ierusalimschy:programming,
    title = {Programming in Lua},
    editor={Ierusalimschy, Roberto},
    publisher = {Lua.org},
    location = {Rio de Janeiro},
    date = {2016}
}
@book{neuhaus:litwiss,
    title = {Grundriss der Literaturwissenschaft},
    author = {Stefan Neuhaus},
    edition = {3. überarbeitete und erweiterte Auf\/lage},
    publisher = {A. Francke},
    date = {2009}
}    
@manual{wilson:memoir,
    title = {The Memoir Class for Configurable Typesetting. User Guide},
    author = {Peter R. Wilson and Lars Madsen},
    date = {2011}
}
@manual{wilson:lyrik,
    title = {Typesetting simple verse with \LaTeX },
    author = {Peter R. Wilson},
    date = {2004}
} 
@manual{pagin:ling,
        title = {The philex Package},
        author = {Peter Pagin},
        date = {2015}
}
@manual{zivanovic:forest,
        title = {Forest: a pgf/Tik Z-based package for drawing linguistic trees},
	author = {Saso Zivanovic},
        date = {2017}
}	
@manual{tantau:beamer,
	title = {The beamer Class},
	author = {Till Tantau AND Joseph Wrigth AND Vedran Miletić},
	date = {2011},
}
@article{voss:dtk2011/1,
	title = {detexify – Wie findet man ein Symbol?},
	author = {Herbert Voß},
	date = {2011},
	number = {1},
	pages = {67--70},
	journal = {DTK},
}
@Book{entenmann:metapost,
    author = {Walter Entenmann}, 
    title = {METAPOST. Grafik für \TeX{} und \LaTeX{}},
    publisher = {DANTE~e.V. and Lehmanns Media},
    location = {Berlin and Heidelberg},
    year = {2017}
}
@Book{Neuhaus,
      author = {Stefan Neuhaus},
      title = {Grundriss der Literaturwissenschaft},
      publisher = {A. Francke Verlag},
      location = {Tübingen und Basel},
      edition = {3. überarbeitete und erweiterte Auf\/lage},
      date = {2009},
}
@article{Svoboda,
      author = {Atze Svoboda},
      title = {Was gesagt werden muss},
      journal = {Eulenspiegel},
      issue = { 5/2012},
      pages = {14},
}
@Book{Ehrman:lost,
	author = {Bart D. Ehrman},
	title = {Lost Scriptures},
	publisher = {Oxford University Press},
	location = {Oxford AND New York},
	date = {2003},
	ISBN = {978-0-19-518250-7},
}

@collection{H2G2,
	title = {The Hitchhiker’s Guide to the Galaxy},
	editor = {Zarniwoop and others},
	publisher = {Megadodo Publications},
	location = {Ursa Minor Beta},
}

@misc{Colluphid1,
	title = {Where God Went Wrong},
	author = {Oolon Colluphid},
}

@misc{Colluphid2,
	title = {Some More of God's Mistakes},
	author = {Oolon Colluphid},
}

@misc{Colluphid3,
	title = {Who is this God Person Anyway?},
	author = {Oolon Colluphid},
}

@manual{l2kurz,
	title = {\LaTeXe-Kurzbeschreibung},
	author = {Marco Daniel AND Patrick Gundlach AND Walter Schmidt AND Jörg Knappen AND Hubert Partl AND Irene Hyna},
	date = {2018},
}
@Book{niedermair:LaTeX,
 author = {Elke Niedermaier AND Michael Niedermair}, 
 title = {\LaTeX{} Das Praxisbuch},
 publisher = {Franzis Nerlag GmbH},
 location = {Poing},
 year = {2006},
 edition = {3},
}
